@online{Git,
  author = {Vincent Driessen},
  title = {A Successful Git Branching Model},
  year = 2010,
  url = {http://nvie.com/posts/a-successful-git-branching-model/},
  urldate = {2017-09-27}
}

@online{C++guide,
  author = {Google},
  title = {Google C++ Style Guide},
  url = {https://google.github.io/styleguide/cppguide.html},
  urldate = {2017-09-27}
}

@online{Libraries,
  author = {Carlo Baldassi},
  title = {Liquid Rescale Library},
  url = {http://liblqr.wikidot.com/},
  urldate = {2017-09-27}
}
